<record><leader>00000cas a22000007a 4500</leader><controlfield tag="001">11999535</controlfield><controlfield tag="008">850506d19381939wiuwr ne      0    0eng d</controlfield><datafield ind1=" " ind2=" " tag="010"><subfield code="a">sn 85040700 </subfield></datafield><datafield ind1=" " ind2=" " tag="040"><subfield code="a">NPV</subfield><subfield code="b">eng</subfield><subfield code="c">NPV</subfield><subfield code="d">OCLCQ</subfield></datafield><datafield ind1=" " ind2=" " tag="042"><subfield code="a">msc</subfield></datafield><datafield ind1=" " ind2=" " tag="045"><subfield code="a">x3x3</subfield></datafield><datafield ind1=" " ind2=" " tag="052"><subfield code="a">4123</subfield><subfield code="b">W2</subfield></datafield><datafield ind1="0" ind2="0" tag="245"><subfield code="a">Bay leaves &amp; Lake Geneva observer.</subfield></datafield><datafield ind1="3" ind2="0" tag="246"><subfield code="a">Bay leaves and Lake Geneva observer</subfield></datafield><datafield ind1="3" ind2="0" tag="246"><subfield code="a">Lake Geneva observer and bay leaves</subfield></datafield><datafield ind1="3" ind2="0" tag="246"><subfield code="a">Bay leaves Lake Geneva observer</subfield></datafield><datafield ind1="3" ind2="0" tag="246"><subfield code="a">Bay leaves</subfield></datafield><datafield ind1=" " ind2=" " tag="260"><subfield code="a">[Williams Bay, Wis. :</subfield><subfield code="b">F.M. Van Epps]</subfield></datafield><datafield ind1=" " ind2=" " tag="300"><subfield code="a">2 v. :</subfield><subfield code="b">ill.</subfield></datafield><datafield ind1=" " ind2=" " tag="310"><subfield code="a">Weekly</subfield></datafield><datafield ind1="0" ind2=" " tag="362"><subfield code="a">-v. 7, no. 24 (June 15, 1939).</subfield></datafield><datafield ind1="1" ind2=" " tag="362"><subfield code="a">Began in Jan., 1938.</subfield></datafield><datafield ind1=" " ind2=" " tag="500"><subfield code="a">Editor: F.M. Van Epps.</subfield></datafield><datafield ind1=" " ind2=" " tag="530"><subfield code="a">Available on microfilm from The State Historical Society of Wisconsin.</subfield></datafield><datafield ind1=" " ind2=" " tag="588"><subfield code="a">Description based on: Vol. 6, no. 3 (Jan. 20, 1937 [i.e. 1938]).</subfield></datafield><datafield ind1=" " ind2=" " tag="752"><subfield code="a">United States</subfield><subfield code="b">Wisconsin</subfield><subfield code="c">Walworth</subfield><subfield code="d">Williams Bay.</subfield></datafield><datafield ind1=" " ind2=" " tag="752"><subfield code="a">United States</subfield><subfield code="b">Wisconsin</subfield><subfield code="c">Walworth</subfield><subfield code="d">Lake Geneva.</subfield></datafield><datafield ind1="0" ind2="0" tag="780"><subfield code="t">Bay leaves (Williams Bay, Wis. : 1933)</subfield><subfield code="w">(DLC)sn 85040699</subfield></datafield><datafield ind1="0" ind2="0" tag="785"><subfield code="t">Lake Geneva observer &amp; bay leaves</subfield><subfield code="w">(DLC)sn 85040701</subfield></datafield><datafield ind1="1" ind2=" " tag="029"><subfield code="a">AU@</subfield><subfield code="b">000025804139</subfield></datafield></record>